%YAML 1.1
%TAG !u! tag:unity3d.com,2011:
--- !u!1 &1127888480031844
GameObject:
  m_ObjectHideFlags: 0
  m_CorrespondingSourceObject: {fileID: 0}
  m_PrefabInstance: {fileID: 0}
  m_PrefabAsset: {fileID: 0}
  serializedVersion: 6
  m_Component:
  - component: {fileID: 4772336108921568}
  - component: {fileID: 114462560607192234}
  - component: {fileID: 212188745866901362}
  - component: {fileID: 3867182316410024221}
  - component: {fileID: 796540452718622712}
  - component: {fileID: 6550094715547926775}
  - component: {fileID: 1120286237825266588}
  m_Layer: 0
  m_Name: bullet_player
  m_TagString: PlayerBullet
  m_Icon: {fileID: 0}
  m_NavMeshLayer: 0
  m_StaticEditorFlags: 0
  m_IsActive: 1
--- !u!4 &4772336108921568
Transform:
  m_ObjectHideFlags: 0
  m_CorrespondingSourceObject: {fileID: 0}
  m_PrefabInstance: {fileID: 0}
  m_PrefabAsset: {fileID: 0}
  m_GameObject: {fileID: 1127888480031844}
  m_LocalRotation: {x: 0, y: 0, z: 0, w: 1}
  m_LocalPosition: {x: 0, y: 0, z: 0}
  m_LocalScale: {x: 1.2, y: 1.2, z: 1}
  m_Children:
  - {fileID: 5560457300320754625}
  m_Father: {fileID: 0}
  m_RootOrder: 0
  m_LocalEulerAnglesHint: {x: 0, y: 0, z: 0}
--- !u!114 &114462560607192234
MonoBehaviour:
  m_ObjectHideFlags: 0
  m_CorrespondingSourceObject: {fileID: 0}
  m_PrefabInstance: {fileID: 0}
  m_PrefabAsset: {fileID: 0}
  m_GameObject: {fileID: 1127888480031844}
  m_Enabled: 1
  m_EditorHideFlags: 0
  m_Script: {fileID: 11500000, guid: 093d1cc45225e794297832bd358c2c76, type: 3}
  m_Name: 
  m_EditorClassIdentifier: 
  m_matchesSound:
  - {fileID: 8300000, guid: 05044a776b20a6d4d8b2aae0ce12a141, type: 3}
  - {fileID: 8300000, guid: 03c06740d77bd8f488f2b37ac0bbed74, type: 3}
  m_bulletspeed: 1200
  m_hitMask: 10
--- !u!212 &212188745866901362
SpriteRenderer:
  m_ObjectHideFlags: 0
  m_CorrespondingSourceObject: {fileID: 0}
  m_PrefabInstance: {fileID: 0}
  m_PrefabAsset: {fileID: 0}
  m_GameObject: {fileID: 1127888480031844}
  m_Enabled: 1
  m_CastShadows: 0
  m_ReceiveShadows: 0
  m_DynamicOccludee: 1
  m_MotionVectors: 1
  m_LightProbeUsage: 1
  m_ReflectionProbeUsage: 1
  m_RenderingLayerMask: 4294967295
  m_RendererPriority: 0
  m_Materials:
  - {fileID: 10754, guid: 0000000000000000f000000000000000, type: 0}
  m_StaticBatchInfo:
    firstSubMesh: 0
    subMeshCount: 0
  m_StaticBatchRoot: {fileID: 0}
  m_ProbeAnchor: {fileID: 0}
  m_LightProbeVolumeOverride: {fileID: 0}
  m_ScaleInLightmap: 1
  m_PreserveUVs: 0
  m_IgnoreNormalsForChartDetection: 0
  m_ImportantGI: 0
  m_StitchLightmapSeams: 0
  m_SelectedEditorRenderState: 0
  m_MinimumChartSize: 4
  m_AutoUVMaxDistance: 0.5
  m_AutoUVMaxAngle: 89
  m_LightmapParameters: {fileID: 0}
  m_SortingLayerID: -224997465
  m_SortingLayer: 2
  m_SortingOrder: 3
  m_Sprite: {fileID: 21300000, guid: 62bfd706da08663488b20907bb8d76da, type: 3}
  m_Color: {r: 1, g: 1, b: 1, a: 1}
  m_FlipX: 0
  m_FlipY: 0
  m_DrawMode: 0
  m_Size: {x: 15, y: 17.58}
  m_AdaptiveModeThreshold: 0.5
  m_SpriteTileMode: 0
  m_WasSpriteAssigned: 1
  m_MaskInteraction: 0
  m_SpriteSortPoint: 0
--- !u!58 &3867182316410024221
CircleCollider2D:
  m_ObjectHideFlags: 0
  m_CorrespondingSourceObject: {fileID: 0}
  m_PrefabInstance: {fileID: 0}
  m_PrefabAsset: {fileID: 0}
  m_GameObject: {fileID: 1127888480031844}
  m_Enabled: 1
  m_Density: 1
  m_Material: {fileID: 0}
  m_IsTrigger: 1
  m_UsedByEffector: 0
  m_UsedByComposite: 0
  m_Offset: {x: 0, y: 0}
  serializedVersion: 2
  m_Radius: 13.01
--- !u!50 &796540452718622712
Rigidbody2D:
  serializedVersion: 4
  m_ObjectHideFlags: 0
  m_CorrespondingSourceObject: {fileID: 0}
  m_PrefabInstance: {fileID: 0}
  m_PrefabAsset: {fileID: 0}
  m_GameObject: {fileID: 1127888480031844}
  m_BodyType: 1
  m_Simulated: 1
  m_UseFullKinematicContacts: 0
  m_UseAutoMass: 0
  m_Mass: 0.0001
  m_LinearDrag: 0
  m_AngularDrag: 0.05
  m_GravityScale: 1
  m_Material: {fileID: 0}
  m_Interpolate: 0
  m_SleepingMode: 1
  m_CollisionDetection: 0
  m_Constraints: 0
--- !u!82 &6550094715547926775
AudioSource:
  m_ObjectHideFlags: 0
  m_CorrespondingSourceObject: {fileID: 0}
  m_PrefabInstance: {fileID: 0}
  m_PrefabAsset: {fileID: 0}
  m_GameObject: {fileID: 1127888480031844}
  m_Enabled: 1
  serializedVersion: 4
  OutputAudioMixerGroup: {fileID: 0}
  m_audioClip: {fileID: 0}
  m_PlayOnAwake: 1
  m_Volume: 1
  m_Pitch: 1
  Loop: 0
  Mute: 0
  Spatialize: 0
  SpatializePostEffects: 0
  Priority: 128
  DopplerLevel: 1
  MinDistance: 1
  MaxDistance: 500
  Pan2D: 0
  rolloffMode: 0
  BypassEffects: 0
  BypassListenerEffects: 0
  BypassReverbZones: 0
  rolloffCustomCurve:
    serializedVersion: 2
    m_Curve:
    - serializedVersion: 3
      time: 0
      value: 1
      inSlope: 0
      outSlope: 0
      tangentMode: 0
      weightedMode: 0
      inWeight: 0.33333334
      outWeight: 0.33333334
    - serializedVersion: 3
      time: 1
      value: 0
      inSlope: 0
      outSlope: 0
      tangentMode: 0
      weightedMode: 0
      inWeight: 0.33333334
      outWeight: 0.33333334
    m_PreInfinity: 2
    m_PostInfinity: 2
    m_RotationOrder: 4
  panLevelCustomCurve:
    serializedVersion: 2
    m_Curve:
    - serializedVersion: 3
      time: 0
      value: 0
      inSlope: 0
      outSlope: 0
      tangentMode: 0
      weightedMode: 0
      inWeight: 0.33333334
      outWeight: 0.33333334
    m_PreInfinity: 2
    m_PostInfinity: 2
    m_RotationOrder: 4
  spreadCustomCurve:
    serializedVersion: 2
    m_Curve:
    - serializedVersion: 3
      time: 0
      value: 0
      inSlope: 0
      outSlope: 0
      tangentMode: 0
      weightedMode: 0
      inWeight: 0.33333334
      outWeight: 0.33333334
    m_PreInfinity: 2
    m_PostInfinity: 2
    m_RotationOrder: 4
  reverbZoneMixCustomCurve:
    serializedVersion: 2
    m_Curve:
    - serializedVersion: 3
      time: 0
      value: 1
      inSlope: 0
      outSlope: 0
      tangentMode: 0
      weightedMode: 0
      inWeight: 0.33333334
      outWeight: 0.33333334
    m_PreInfinity: 2
    m_PostInfinity: 2
    m_RotationOrder: 4
--- !u!95 &1120286237825266588
Animator:
  serializedVersion: 3
  m_ObjectHideFlags: 0
  m_CorrespondingSourceObject: {fileID: 0}
  m_PrefabInstance: {fileID: 0}
  m_PrefabAsset: {fileID: 0}
  m_GameObject: {fileID: 1127888480031844}
  m_Enabled: 1
  m_Avatar: {fileID: 0}
  m_Controller: {fileID: 0}
  m_CullingMode: 0
  m_UpdateMode: 0
  m_ApplyRootMotion: 0
  m_LinearVelocityBlending: 0
  m_WarningMessage: 
  m_HasTransformHierarchy: 1
  m_AllowConstantClipSamplingOptimization: 1
  m_KeepAnimatorControllerStateOnDisable: 0
--- !u!1001 &639060112
PrefabInstance:
  m_ObjectHideFlags: 0
  serializedVersion: 2
  m_Modification:
    m_TransformParent: {fileID: 4772336108921568}
    m_Modifications:
    - target: {fileID: 5560457299682644819, guid: e34401f35322c2a4babdafe7639d53c2,
        type: 3}
      propertyPath: m_Name
      value: Lightsource_Bullet
      objectReference: {fileID: 0}
    - target: {fileID: 5560457299682644819, guid: e34401f35322c2a4babdafe7639d53c2,
        type: 3}
      propertyPath: m_IsActive
      value: 1
      objectReference: {fileID: 0}
    - target: {fileID: 5560457299682644817, guid: e34401f35322c2a4babdafe7639d53c2,
        type: 3}
      propertyPath: m_LocalPosition.x
      value: 0
      objectReference: {fileID: 0}
    - target: {fileID: 5560457299682644817, guid: e34401f35322c2a4babdafe7639d53c2,
        type: 3}
      propertyPath: m_LocalPosition.y
      value: 0
      objectReference: {fileID: 0}
    - target: {fileID: 5560457299682644817, guid: e34401f35322c2a4babdafe7639d53c2,
        type: 3}
      propertyPath: m_LocalPosition.z
      value: 0
      objectReference: {fileID: 0}
    - target: {fileID: 5560457299682644817, guid: e34401f35322c2a4babdafe7639d53c2,
        type: 3}
      propertyPath: m_LocalRotation.x
      value: 0
      objectReference: {fileID: 0}
    - target: {fileID: 5560457299682644817, guid: e34401f35322c2a4babdafe7639d53c2,
        type: 3}
      propertyPath: m_LocalRotation.y
      value: 0
      objectReference: {fileID: 0}
    - target: {fileID: 5560457299682644817, guid: e34401f35322c2a4babdafe7639d53c2,
        type: 3}
      propertyPath: m_LocalRotation.z
      value: 0
      objectReference: {fileID: 0}
    - target: {fileID: 5560457299682644817, guid: e34401f35322c2a4babdafe7639d53c2,
        type: 3}
      propertyPath: m_LocalRotation.w
      value: 1
      objectReference: {fileID: 0}
    - target: {fileID: 5560457299682644817, guid: e34401f35322c2a4babdafe7639d53c2,
        type: 3}
      propertyPath: m_RootOrder
      value: 0
      objectReference: {fileID: 0}
    - target: {fileID: 5560457299682644817, guid: e34401f35322c2a4babdafe7639d53c2,
        type: 3}
      propertyPath: m_LocalEulerAnglesHint.x
      value: 0
      objectReference: {fileID: 0}
    - target: {fileID: 5560457299682644817, guid: e34401f35322c2a4babdafe7639d53c2,
        type: 3}
      propertyPath: m_LocalEulerAnglesHint.y
      value: 0
      objectReference: {fileID: 0}
    - target: {fileID: 5560457299682644817, guid: e34401f35322c2a4babdafe7639d53c2,
        type: 3}
      propertyPath: m_LocalEulerAnglesHint.z
      value: 0
      objectReference: {fileID: 0}
    - target: {fileID: 1997184704166094659, guid: e34401f35322c2a4babdafe7639d53c2,
        type: 3}
      propertyPath: m_LocalPosition.z
      value: -50
      objectReference: {fileID: 0}
    - target: {fileID: 1997184704166094659, guid: e34401f35322c2a4babdafe7639d53c2,
        type: 3}
      propertyPath: m_LocalPosition.y
      value: 0
      objectReference: {fileID: 0}
    - target: {fileID: 5560457299682644818, guid: e34401f35322c2a4babdafe7639d53c2,
        type: 3}
      propertyPath: m_shape
      value: 0
      objectReference: {fileID: 0}
    - target: {fileID: 5560457299682644818, guid: e34401f35322c2a4babdafe7639d53c2,
        type: 3}
      propertyPath: m_radius
      value: 100
      objectReference: {fileID: 0}
    - target: {fileID: 5560457299682644818, guid: e34401f35322c2a4babdafe7639d53c2,
        type: 3}
      propertyPath: m_size.x
      value: 0
      objectReference: {fileID: 0}
    - target: {fileID: 5560457299682644818, guid: e34401f35322c2a4babdafe7639d53c2,
        type: 3}
      propertyPath: m_size.y
      value: 0
      objectReference: {fileID: 0}
    - target: {fileID: 5560457299682644818, guid: e34401f35322c2a4babdafe7639d53c2,
        type: 3}
      propertyPath: m_offSet.y
      value: 0
      objectReference: {fileID: 0}
    - target: {fileID: 5560457299682644818, guid: e34401f35322c2a4babdafe7639d53c2,
        type: 3}
      propertyPath: ON
      value: 1
      objectReference: {fileID: 0}
    - target: {fileID: 475589463040983727, guid: e34401f35322c2a4babdafe7639d53c2,
        type: 3}
      propertyPath: m_Type
      value: 2
      objectReference: {fileID: 0}
    - target: {fileID: 475589463040983727, guid: e34401f35322c2a4babdafe7639d53c2,
        type: 3}
      propertyPath: m_Intensity
      value: 150
      objectReference: {fileID: 0}
    - target: {fileID: 475589463040983727, guid: e34401f35322c2a4babdafe7639d53c2,
        type: 3}
      propertyPath: m_Range
      value: 70
      objectReference: {fileID: 0}
    - target: {fileID: 475589463040983727, guid: e34401f35322c2a4babdafe7639d53c2,
        type: 3}
      propertyPath: m_Color.r
      value: 0.93333334
      objectReference: {fileID: 0}
    - target: {fileID: 475589463040983727, guid: e34401f35322c2a4babdafe7639d53c2,
        type: 3}
      propertyPath: m_Color.g
      value: 0.5975944
      objectReference: {fileID: 0}
    - target: {fileID: 475589463040983727, guid: e34401f35322c2a4babdafe7639d53c2,
        type: 3}
      propertyPath: m_Color.b
      value: 0.3332
      objectReference: {fileID: 0}
    m_RemovedComponents: []
  m_SourcePrefab: {fileID: 100100000, guid: e34401f35322c2a4babdafe7639d53c2, type: 3}
--- !u!4 &5560457300320754625 stripped
Transform:
  m_CorrespondingSourceObject: {fileID: 5560457299682644817, guid: e34401f35322c2a4babdafe7639d53c2,
    type: 3}
  m_PrefabInstance: {fileID: 639060112}
  m_PrefabAsset: {fileID: 0}
